@article{duregaard2012feat,
  title={Feat: functional enumeration of algebraic types},
  author={Dureg{\aa}rd, Jonas and Jansson, Patrik and Wang, Meng},
  journal={ACM SIGPLAN Notices},
  volume={47},
  number={12},
  pages={61--72},
  year={2012},
  publisher={ACM New York, NY, USA}
}

@article{pavese2018inputs,
  title={Inputs from hell: generating uncommon inputs from common samples},
  author={Pavese, Esteban and Soremekun, Ezekiel and Havrikov, Nikolas and Grunske, Lars and Zeller, Andreas},
  journal={arXiv preprint arXiv:1812.07525},
  year={2018}
}

@inproceedings{chen2020multi,
  title={Multi-modal synthesis of regular expressions},
  author={Chen, Qiaochu and Wang, Xinyu and Ye, Xi and Durrett, Greg and Dillig, Isil},
  booktitle={Proceedings of the 41st ACM SIGPLAN conference on programming language design and implementation},
  pages={487--502},
  year={2020}
}

@inproceedings{mclaughlin2022regulator,
  title={Regulator: Dynamic Analysis to Detect $\{$ReDoS$\}$},
  author={McLaughlin, Robert and Pagani, Fabio and Spahn, Noah and Kruegel, Christopher and Vigna, Giovanni},
  booktitle={31st USENIX Security Symposium (USENIX Security 22)},
  pages={4219--4235},
  year={2022}
}

@inproceedings{shen2018rescue,
  title={ReScue: crafting regular expression DoS attacks},
  author={Shen, Yuju and Jiang, Yanyan and Xu, Chang and Yu, Ping and Ma, Xiaoxing and Lu, Jian},
  booktitle={Proceedings of the 33rd ACM/IEEE International Conference on Automated Software Engineering},
  pages={225--235},
  year={2018}
}

@inproceedings{godefroid2008grammar,
  title={Grammar-based whitebox fuzzing},
  author={Godefroid, Patrice and Kiezun, Adam and Levin, Michael Y},
  booktitle={Proceedings of the 29th ACM SIGPLAN conference on programming language design and implementation},
  pages={206--215},
  year={2008}
}

@inproceedings{yang2011finding,
  title={Finding and understanding bugs in C compilers},
  author={Yang, Xuejun and Chen, Yang and Eide, Eric and Regehr, John},
  booktitle={Proceedings of the 32nd ACM SIGPLAN conference on Programming language design and implementation},
  pages={283--294},
  year={2011}
}

@misc{crump2024regexfuzzing,
  title = {Ring Around The Regex: Lessons learned from fuzzing regex libraries (Part 1)},
  author={Crump, Addison},
  howpublished = {\url{https://secret.club/2024/06/30/ring-around-the-regex-1.html}},
  year={2024},
  note = {Accessed: 2025-02-16},
}

@inproceedings{aschermann2019nautilus,
  title={NAUTILUS: Fishing for deep bugs with grammars.},
  author={Aschermann, Cornelius and Frassetto, Tommaso and Holz, Thorsten and Jauernig, Patrick and Sadeghi, Ahmad-Reza and Teuchert, Daniel},
  booktitle={NDSS},
  year={2019}
}

@inproceedings{srivastava2021gramatron,
  title={Gramatron: Effective grammar-aware fuzzing},
  author={Srivastava, Prashast and Payer, Mathias},
  booktitle={Proceedings of the 30th acm sigsoft international symposium on software testing and analysis},
  pages={244--256},
  year={2021}
}

@inproceedings{veanes2010rex,
  title={Rex: Symbolic regular expression explorer},
  author={Veanes, Margus and De Halleux, Peli and Tillmann, Nikolai},
  booktitle={2010 Third International Conference on Software Testing, Verification and Validation},
  pages={498--507},
  year={2010},
  organization={IEEE}
}

@inproceedings{claessen2000quickcheck,
  title={QuickCheck: a lightweight tool for random testing of Haskell programs},
  author={Claessen, Koen and Hughes, John},
  booktitle={Proceedings of the fifth ACM SIGPLAN international conference on Functional programming},
  pages={268--279},
  year={2000}
}

@article{winterer2024validating,
  title={Validating SMT Solvers for Correctness and Performance via Grammar-Based Enumeration},
  author={Winterer, Dominik and Su, Zhendong},
  journal={Proceedings of the ACM on Programming Languages},
  volume={8},
  number={OOPSLA2},
  pages={2378--2401},
  year={2024},
  publisher={ACM New York, NY, USA}
}
